@article{hiller2012dynamic,
  title={Dynamic simulation of soft heterogeneous objects},
  author={Hiller, Jonathan and Lipson, Hod},
  journal={arXiv preprint arXiv:1212.2845},
  year={2012}
}

@inproceedings{cheney2013unshackling,
  title={Unshackling evolution: evolving soft robots with multiple materials and a powerful generative encoding},
  author={Cheney, Nick and MacCurdy, Robert and Clune, Jeff and Lipson, Hod},
  booktitle={Proceeding of the fifteenth annual conference on Genetic and evolutionary computation conference},
  pages={167--174},
  year={2013},
  organization={ACM}
}

@inproceedings{sims1994evolving,
  title={Evolving virtual creatures},
  author={Sims, Karl},
  booktitle={Proceedings of the 21st annual conference on Computer graphics and interactive techniques},
  pages={15--22},
  year={1994},
  organization={ACM}
}

@inproceedings{lehman2011evolving,
  title={Evolving a diversity of virtual creatures through novelty search and local competition},
  author={Lehman, Joel and Stanley, Kenneth O},
  booktitle={Proceedings of the 13th annual conference on Genetic and evolutionary computation},
  pages={211--218},
  year={2011},
  organization={ACM}
}

@article{stanley2007compositional,
  title={Compositional pattern producing networks: A novel abstraction of development},
  author={Stanley, Kenneth O},
  journal={Genetic programming and evolvable machines},
  volume={8},
  number={2},
  pages={131--162},
  year={2007},
  publisher={Springer}
}

@inproceedings{lehman2008exploiting,
  title={Exploiting Open-Endedness to Solve Problems Through the Search for Novelty.},
  author={Lehman, Joel and Stanley, Kenneth O},
  booktitle={ALIFE},
  pages={329--336},
  year={2008}
}

@article{stanley2002evolving,
  title={Evolving neural networks through augmenting topologies},
  author={Stanley, Kenneth and Miikkulainen, Risto},
  journal={Evolutionary computation},
  volume={10},
  number={2},
  pages={99--127},
  year={2002},
  publisher={MIT Press}
}

@article{lehman2011abandoning,
  title={Abandoning objectives: Evolution through the search for novelty alone},
  author={Lehman, Joel and Stanley, Kenneth O},
  journal={Evolutionary computation},
  volume={19},
  number={2},
  pages={189--223},
  year={2011},
  publisher={MIT Press}
}

@article{goldberg1997genetic,
  title={Genetic algorithms: A bibliography},
  author={Goldberg, David E and Zakrzewski, Kerry and Chang, Cecilia and Gallego, Pilar},
  journal={Urbana},
  volume={51},
  pages={61801},
  year={1997}
}

@article{goldberg1988genetic,
  title={Genetic algorithms and machine learning},
  author={Goldberg, David E and Holland, John H},
  journal={Machine learning},
  volume={3},
  number={2},
  pages={95--99},
  year={1988},
  publisher={Springer}
}

@article{wall1996galib,
  title={GAlib: A C++ library of genetic algorithm components},
  author={Wall, Matthew},
  journal={Mechanical Engineering Department, Massachusetts Institute of Technology},
  volume={87},
  pages={54},
  year={1996}
}


@InProceedings{gauci:aaai08,
  author       = "Jason Gauci and Kenneth O. Stanley",
  title        = "A Case Study on the Critical Role of Geometric Regularity in Machine Learning",
  booktitle    = "Proceedings of the Twenty-Third AAAI Conference on Artificial Intelligence (AAAI-2008).",
  year         = 2008,
  publisher    = "AAAI Press",
  address      = "Menlo Park, CA",
  site         = "Chicago",
  url          = "http://eplex.cs.ucf.edu/publications.html#gauci.aaai08",
}

@InProceedings{gauci:gecco07,
  author       = "Jason Gauci and Kenneth O. Stanley",
  title        = "Generating Large-Scale Neural Networks Through Discovering Geo
metric Regularities",
  booktitle    = "Proceedings of the Genetic and Evolutionary
                  Computation Conference (GECCO 2007)",
  year         = 2007,
  publisher    = "ACM Press",
  address      = "New York, NY",
  site         = "London",
  url          = "http://eplex.cs.ucf.edu/index.php?option=com_content&task=view&id=14&Itemid=28#gauci.gecco07",
}

@inproceedings{lehman2010revising,
  title={Revising the evolutionary computation abstraction: minimal criteria novelty search},
  author={Lehman, Joel and Stanley, Kenneth O},
  booktitle={Proceedings of the 12th annual conference on Genetic and evolutionary computation},
  pages={103--110},
  year={2010},
  organization={ACM}
}


@incollection{mouret2011novelty,
  title={Novelty-based multiobjectivization},
  author={Mouret, Jean-Baptiste},
  booktitle={New Horizons in Evolutionary Robotics},
  pages={139--154},
  year={2011},
  publisher={Springer}
}


@inproceedings{risi2009novelty,
  title={How novelty search escapes the deceptive trap of learning to learn},
  author={Risi, Sebastian and Vanderbleek, Sandy D and Hughes, Charles E and Stanley, Kenneth O},
  booktitle={Proceedings of the 11th Annual conference on Genetic and evolutionary computation},
  pages={153--160},
  year={2009},
  organization={ACM}
}




@inproceedings{auerbach2010dynamic,
  title={Dynamic resolution in the co-evolution of morphology and control},
  author={Auerbach, Joshua E and Bongard, Josh C},
  booktitle={Artificial Life XII: Proceedings of the Twelfth International Conference on the Synthesis and Simulation of Living Systems},
  number={EPFL-CONF-191277},
  pages={451--458},
  year={2010},
  organization={MIT Press}
}

@inproceedings{auerbach2010evolving,
  title={Evolving CPPNs to grow three-dimensional physical structures},
  author={Auerbach, Joshua E and Bongard, Josh C},
  booktitle={Proceedings of the 12th annual conference on Genetic and evolutionary computation},
  pages={627--634},
  year={2010},
  organization={ACM}
}

@inproceedings{auerbach2012relationship,
  title={On the relationship between environmental and mechanical complexity in evolved robots},
  author={Auerbach, Joshua E and Bongard, Josh C},
  booktitle={Artificial Life 13},
  number={EPFL-CONF-191280},
  pages={309--316},
  year={2012},
  organization={MIT Press}
}

@inproceedings{auerbach2012relationship,
  title={On the relationship between environmental and morphological complexity in evolved robots},
  author={Auerbach, Joshua E and Bongard, Joshua C},
  booktitle={Proceedings of the fourteenth international conference on Genetic and evolutionary computation conference},
  pages={521--528},
  year={2012},
  organization={ACM}
}

@inproceedings{bongard2002evolving,
  title={Evolving modular genetic regulatory networks},
  author={Bongard, Josh},
  booktitle={Computational Intelligence, Proceedings of the World on Congress on},
  volume={2},
  pages={1872--1877},
  year={2002},
  organization={IEEE}
}

@inproceedings{clune2009evolving,
  title={Evolving coordinated quadruped gaits with the HyperNEAT generative encoding},
  author={Clune, Jeff and Beckmann, Benjamin E and Ofria, Charles and Pennock, Robert T},
  booktitle={Evolutionary Computation, 2009. CEC'09. IEEE Congress on},
  pages={2764--2771},
  year={2009},
  organization={IEEE}
}

@article{clune2011evolving,
  title={Evolving 3d objects with a generative encoding inspired by developmental biology},
  author={Clune, Jeff and Lipson, Hod},
  journal={ACM SIGEVOlution},
  volume={5},
  number={4},
  pages={2--12},
  year={2011},
  publisher={ACM}
}

@article{clune2013evolutionary,
  title={The evolutionary origins of modularity},
  author={Clune, Jeff and Mouret, Jean-Baptiste and Lipson, Hod},
  journal={Proceedings of the Royal Society b: Biological sciences},
  volume={280},
  number={1755},
  pages={20122863},
  year={2013},
  publisher={The Royal Society}
}

@article{clune2011performance,
  title={On the performance of indirect encoding across the continuum of regularity},
  author={Clune, Jeff and Stanley, Kenneth O and Pennock, Robert T and Ofria, Charles},
  journal={Evolutionary Computation, IEEE Transactions on},
  volume={15},
  number={3},
  pages={346--367},
  year={2011},
  publisher={IEEE}
}

@inproceedings{hiller2009multi,
  title={Multi material topological optimization of structures and mechanisms},
  author={Hiller, Jonathan D and Lipson, Hod},
  booktitle={Proceedings of the 11th Annual conference on Genetic and evolutionary computation},
  pages={1521--1528},
  year={2009},
  organization={ACM}
}

@inproceedings{hiller2010evolving,
  title={Evolving Amorphous Robots.},
  author={Hiller, Jonathan D and Lipson, Hod},
  booktitle={ALIFE},
  pages={717--724},
  year={2010}
}

@article{hiller2012automatic,
  title={Automatic design and manufacture of soft robots},
  author={Hiller, Jonathan and Lipson, Hod},
  journal={Robotics, IEEE Transactions on},
  volume={28},
  number={2},
  pages={457--466},
  year={2012},
  publisher={IEEE}
}

@article{hirose1978development,
  title={The development of soft gripper for the versatile robot hand},
  author={Hirose, Shigeo and Umetani, Yoji},
  journal={Mechanism and machine theory},
  volume={13},
  number={3},
  pages={351--359},
  year={1978},
  publisher={Elsevier}
}

@article{hornby2003generative,
  title={Generative representations for the automated design of modular physical robots},
  author={Hornby, Gregory S and Lipson, Hod and Pollack, Jordan B},
  journal={Robotics and Automation, IEEE Transactions on},
  volume={19},
  number={4},
  pages={703--719},
  year={2003},
  publisher={IEEE}
}

@article{hornby2001evolving,
  title={Evolving L-systems to generate virtual creatures},
  author={Hornby, Gregory S and Pollack, Jordan B},
  journal={Computers \& Graphics},
  volume={25},
  number={6},
  pages={1041--1048},
  year={2001},
  publisher={Elsevier}
}

@inproceedings{joachimczak2012co,
  title={Co-evolution of morphology and control of soft-bodied multicellular animats},
  author={Joachimczak, Micha{\l} and Wr{\'o}bel, Borys},
  booktitle={Proceedings of the fourteenth international conference on Genetic and evolutionary computation conference},
  pages={561--568},
  year={2012},
  organization={ACM}
}

@article{komosinski2001comparison,
  title={Comparison of different genotype encodings for simulated three-dimensional agents},
  author={Komosi{\'n}ski, Maciej and Rotaru-Varga, Adam},
  journal={Artificial Life},
  volume={7},
  number={4},
  pages={395--418},
  year={2001},
  publisher={MIT Press}
}

@book{lee2013evolving,
  title={Evolving gaits for physical robots with the hyperneat generative encoding: The benefits of simulation},
  author={Lee, Suchan and Yosinski, Jason and Glette, Kyrre and Lipson, Hod and Clune, Jeff},
  year={2013},
  publisher={Springer}
}

@article{lipson2000automatic,
  title={Automatic design and manufacture of robotic lifeforms},
  author={Lipson, Hod and Pollack, Jordan B},
  journal={Nature},
  volume={406},
  number={6799},
  pages={974--978},
  year={2000},
  publisher={Nature Publishing Group}
}

@inproceedings{mouret2012algorithm,
  title={An algorithm to create phenotype-fitness maps},
  author={Mouret, Jean-Baptiste and Clune, Jeff},
  booktitle={Proc. of the Artificial Life Conf},
  pages={593--594},
  year={2012}
}

@inproceedings{nolfi1994evolve,
  title={How to evolve autonomous robots: Different approaches in evolutionary robotics},
  author={Nolfi, Stefano and Floreano, Dario and Miglino, Orazio and Mondada, Francesco},
  booktitle={Artificial life IV: Proceedings of the 4th International Workshop on Artificial Life},
  number={LIS-CONF-1994-002},
  pages={190--197},
  year={1994},
  organization={MA: MIT Press}
}

@book{pfeifer2007body,
  title={How the body shapes the way we think: a new view of intelligence},
  author={Pfeifer, Rolf and Bongard, Josh and Grand, Simon},
  year={2007},
  publisher={MIT press}
}

@inproceedings{rieffel2009evolving,
  title={Evolving soft robotic locomotion in PhysX},
  author={Rieffel, John and Saunders, Frank and Nadimpalli, Shilpa and Zhou, Harvey and Hassoun, Soha and Rife, Jason and Trimmer, Barry},
  booktitle={Proceedings of the 11th Annual Conference Companion on Genetic and Evolutionary Computation Conference: Late Breaking Papers},
  pages={2499--2504},
  year={2009},
  organization={ACM}
}

@inproceedings{sanan2011continuum,
  title={A continuum approach to safe robots for physical human interaction},
  author={Sanan, Siddharth and Moidel, J and Atkeson, CG},
  booktitle={Int’l Symposium on Quality of Life Technology},
  year={2011}
}

@inproceedings{secretan2008picbreeder,
  title={Picbreeder: evolving pictures collaboratively online},
  author={Secretan, Jimmy and Beato, Nicholas and D Ambrosio, David B and Rodriguez, Adelein and Campbell, Adam and Stanley, Kenneth O},
  booktitle={Proceedings of the SIGCHI Conference on Human Factors in Computing Systems},
  pages={1759--1768},
  year={2008},
  organization={ACM}
}

@article{stanley2009hypercube,
  title={A hypercube-based encoding for evolving large-scale neural networks},
  author={Stanley, Kenneth O and D'Ambrosio, David B and Gauci, Jason},
  journal={Artificial life},
  volume={15},
  number={2},
  pages={185--212},
  year={2009},
  publisher={MIT Press}
}

@misc{picbreederSite,
  title = {{PicBreeder}},
  howpublished = "\url{http://picbreeder.org/}",
  note = {Online; accessed 7-August-2014}
}

@misc{endlessforms,
  title = {{EndlessForms}},
  howpublished = "\url{http://endlessforms.com/}",
  note = {Online; accessed 7-August-2014}
}

@article{stanley2003taxonomy,
  title={A taxonomy for artificial embryogeny},
  author={Stanley, Kenneth O and Miikkulainen, Risto},
  journal={Artificial Life},
  volume={9},
  number={2},
  pages={93--130},
  year={2003},
  publisher={MIT Press}
}

@inproceedings{verbancsics2011constraining,
  title={Constraining connectivity to encourage modularity in HyperNEAT},
  author={Verbancsics, Phillip and Stanley, Kenneth O},
  booktitle={Proceedings of the 13th annual conference on Genetic and evolutionary computation},
  pages={1483--1490},
  year={2011},
  organization={ACM}
}

@inproceedings{woolley2011deleterious,
  title={On the deleterious effects of a priori objectives on evolution and representation},
  author={Woolley, Brian G and Stanley, Kenneth O},
  booktitle={Proceedings of the 13th annual conference on Genetic and evolutionary computation},
  pages={957--964},
  year={2011},
  organization={ACM}
}


@incollection{oudeyer2013intrinsically,
  title={Intrinsically motivated learning of real-world sensorimotor skills with developmental constraints},
  author={Oudeyer, Pierre-Yves and Baranes, Adrien and Kaplan, Fr{\'e}d{\'e}ric},
  booktitle={Intrinsically motivated learning in natural and artificial systems},
  pages={303--365},
  year={2013},
  publisher={Springer}
}



@inproceedings{lapeyre2011maturational,
  title={Maturational constraints for motor learning in high-dimensions: the case of biped walking},
  author={Lapeyre, Matthieu and Ly, Olivier and Oudeyer, P-y},
  booktitle={Humanoid Robots (Humanoids), 2011 11th IEEE-RAS International Conference on},
  pages={707--714},
  year={2011},
  organization={IEEE}
}





@inproceedings{lewis1992genetic,
  title={Genetic programming approach to the construction of a neural network for control of a walking robot},
  author={Lewis, M Anthony and Fagg, Andrew H and Solidum, Alan},
  booktitle={Robotics and Automation, 1992. Proceedings., 1992 IEEE International Conference on},
  pages={2618--2623},
  year={1992},
  organization={IEEE}
}





@article{trivedi2008soft,
  title={Soft robotics: Biological inspiration, state of the art, and future research},
  author={Trivedi, Deepak and Rahn, Christopher D and Kier, William M and Walker, Ian D},
  journal={Applied Bionics and Biomechanics},
  volume={5},
  number={3},
  pages={99--117},
  year={2008},
  publisher={Taylor \& Francis}
}

@article{albu2008soft,
  title={Soft robotics},
  author={Albu-Schaffer, Alin and Eiberger, Oliver and Grebenstein, Markus and Haddadin, Sami and Ott, Christian and Wimbock, Thomas and Wolf, Sebastian and Hirzinger, Gerd},
  journal={Robotics \& Automation Magazine, IEEE},
  volume={15},
  number={3},
  pages={20--30},
  year={2008},
  publisher={IEEE}
}

@article{ilievski2011soft,
  title={Soft robotics for chemists},
  author={Ilievski, Filip and Mazzeo, Aaron D and Shepherd, Robert F and Chen, Xin and Whitesides, George M},
  journal={Angewandte Chemie},
  volume={123},
  number={8},
  pages={1930--1935},
  year={2011},
  publisher={Wiley Online Library}
}

@inproceedings{seok2010peristaltic,
  title={Peristaltic locomotion with antagonistic actuators in soft robotics},
  author={Seok, Sangok and Onal, Cagdas Denizel and Wood, Robert and Rus, Daniela and Kim, Sangbae},
  booktitle={Robotics and Automation (ICRA), 2010 IEEE International Conference on},
  pages={1228--1233},
  year={2010},
  organization={IEEE}
}

@article{pfeifer2012challenges,
  title={The challenges ahead for bio-inspired'soft'robotics},
  author={Pfeifer, Rolf and Lungarella, Max and Iida, Fumiya},
  journal={Communications of the ACM},
  volume={55},
  number={11},
  pages={76--87},
  year={2012},
  publisher={ACM}
}

@article{shepherd2011multigait,
  title={Multigait soft robot},
  author={Shepherd, Robert F and Ilievski, Filip and Choi, Wonjae and Morin, Stephen A and Stokes, Adam A and Mazzeo, Aaron D and Chen, Xin and Wang, Michael and Whitesides, George M},
  journal={Proceedings of the National Academy of Sciences},
  volume={108},
  number={51},
  pages={20400--20403},
  year={2011},
  publisher={National Acad Sciences}
}

@article{laschi2012soft,
  title={Soft robot arm inspired by the octopus},
  author={Laschi, Cecilia and Cianchetti, Matteo and Mazzolai, Barbara and Margheri, Laura and Follador, Maurizio and Dario, Paolo},
  journal={Advanced Robotics},
  volume={26},
  number={7},
  pages={709--727},
  year={2012},
  publisher={Taylor \& Francis}
}

@misc{WikievolutionaryRobotics,
   author = {Wikipedia},
   title = {Evolutionary robotics --- Wikipedia The Free Encyclopedia},
   year = {2014},
   howpublished = "\url{http://en.wikipedia.org/w/index.php?title=Evolutionary_robotics&oldid=599436873}",
   note = {Online; accessed 7-August-2014}
}

@article{nelson2009fitness,
  title={Fitness functions in evolutionary robotics: A survey and analysis},
  author={Nelson, Andrew L and Barlow, Gregory J and Doitsidis, Lefteris},
  journal={Robotics and Autonomous Systems},
  volume={57},
  number={4},
  pages={345--370},
  year={2009},
  publisher={Elsevier}
}

@inproceedings{meyer1998evolutionary,
  title={Evolutionary robotics: A survey of applications and problems},
  author={Meyer, Jean-Arcady and Husbands, Phil and Harvey, Inman},
  booktitle={Evolutionary Robotics},
  pages={1--21},
  year={1998},
  organization={Springer}
}



@article{Paoletti07092014,
author = {Paoletti, P. and Mahadevan, L.}, 
title = {A proprioceptive neuromechanical theory of crawling},
volume = {281}, 
number = {1790}, 
year = {2014}, 
doi = {10.1098/rspb.2014.1092}, 
abstract ={The locomotion of many soft-bodied animals is driven by the propagation of rhythmic waves of contraction and extension along the body. These waves are classically attributed to globally synchronized periodic patterns in the nervous system embodied in a central pattern generator (CPG). However, in many primitive organisms such as earthworms and insect larvae, the evidence for a CPG is weak, or even non-existent. We propose a neuromechanical model for rhythmically coordinated crawling that obviates the need for a CPG, by locally coupling the local neuro-muscular dynamics in the body to the mechanics of the body as it interacts frictionally with the substrate. We analyse our model using a combination of analytical and numerical methods to determine the parameter regimes where coordinated crawling is possible and compare our results with experimental data. Our theory naturally suggests mechanisms for how these movements might arise in developing organisms and how they are maintained in adults, and also suggests a robust design principle for engineered motility in soft systems.}, 
URL = {http://rspb.royalsocietypublishing.org/content/281/1790/20141092.abstract}, 
eprint = {http://rspb.royalsocietypublishing.org/content/281/1790/20141092.full.pdf+html}, 
journal = {Proceedings of the Royal Society B: Biological Sciences} 
}

@article{rieffel2014growing,
  title={Growing and evolving soft robots},
  author={Rieffel, John and Knox, Davis and Smith, Schuyler and Trimmer, Barry},
  journal={Artificial life},
  volume={20},
  number={1},
  pages={143--162},
  year={2014},
  publisher={MIT Press}
}

@article{tolleyresilient,
  title={A Resilient, Untethered Soft Robot},
  author={Tolley, Michael T and Shepherd, Robert F and Mosadegh, Bobak and Galloway, Kevin C and Wehner, Michael and Karpelson, Michael and Wood, Robert J and Whitesides, George M},
  journal={Soft Robotics},
  publisher={Mary Ann Liebert, Inc. 140 Huguenot Street, 3rd Floor New Rochelle, NY 10801 USA}
}

@book{antol2003low,
  title={Low cost mars surface exploration: The mars tumbleweed},
  author={Antol, Jeffrey and Calhoun, Philip and Flick, John and Hajos, Gregory and Kolacinski, Robert and Minton, David and Owens, Rachel and Parker, Jennifer},
  year={2003},
  publisher={Citeseer}
}


@article{lungarella2003developmental,
  title={Developmental robotics: a survey},
  author={Lungarella, Max and Metta, Giorgio and Pfeifer, Rolf and Sandini, Giulio},
  journal={Connection Science},
  volume={15},
  number={4},
  pages={151--190},
  year={2003},
  publisher={Taylor \& Francis}
}

@article{asada2001cognitive,
  title={Cognitive developmental robotics as a new paradigm for the design of humanoid robots},
  author={Asada, Minoru and MacDorman, Karl F and Ishiguro, Hiroshi and Kuniyoshi, Yasuo},
  journal={Robotics and Autonomous Systems},
  volume={37},
  number={2},
  pages={185--193},
  year={2001},
  publisher={Elsevier}
}

@article{weng2004developmental,
  title={Developmental robotics: Theory and experiments},
  author={Weng, Juyang},
  journal={International Journal of Humanoid Robotics},
  volume={1},
  number={02},
  pages={199--236},
  year={2004},
  publisher={World Scientific}
}

@article{asada2009cognitive,
  title={Cognitive developmental robotics: a survey},
  author={Asada, Minoru and Hosoda, Koh and Kuniyoshi, Yasuo and Ishiguro, Hiroshi and Inui, Toshio and Yoshikawa, Yuichiro and Ogino, Masaki and Yoshida, Chisato},
  journal={Autonomous Mental Development, IEEE Transactions on},
  volume={1},
  number={1},
  pages={12--34},
  year={2009},
  publisher={IEEE}
}

@techreport{nolfi2001evolutionary,
  title={Evolutionary robotics. The biology, intelligence, and technology of self-organizing machines},
  author={Nolfi, Stefano and Floreano, Dario},
  year={2001},
  institution={MIT press}
}

@article{harvey1997evolutionary,
  title={Evolutionary robotics: the Sussex approach},
  author={Harvey, Inman and Husbands, Phil and Cliff, Dave and Thompson, Adrian and Jakobi, Nick},
  journal={Robotics and autonomous systems},
  volume={20},
  number={2},
  pages={205--224},
  year={1997},
  publisher={Elsevier}
}

@inproceedings{nolfi1994evolve,
  title={How to evolve autonomous robots: Different approaches in evolutionary robotics},
  author={Nolfi, Stefano and Floreano, Dario and Miglino, Orazio and Mondada, Francesco},
  booktitle={Artificial life IV: Proceedings of the 4th International Workshop on Artificial Life},
  number={LIS-CONF-1994-002},
  pages={190--197},
  year={1994},
  organization={MA: MIT Press}
}

@incollection{jakobi1995noise,
  title={Noise and the reality gap: The use of simulation in evolutionary robotics},
  author={Jakobi, Nick and Husbands, Phil and Harvey, Inman},
  booktitle={Advances in artificial life},
  pages={704--720},
  year={1995},
  publisher={Springer}
}

@book{hayes1994robot,
  title={A robot controller using learning by imitation},
  author={Hayes, Gillian M and Demiris, John},
  year={1994},
  publisher={University of Edinburgh, Department of Artificial Intelligence}
}

@article{mahadevan1992automatic,
  title={Automatic programming of behavior-based robots using reinforcement learning},
  author={Mahadevan, Sridhar and Connell, Jonathan},
  journal={Artificial intelligence},
  volume={55},
  number={2},
  pages={311--365},
  year={1992},
  publisher={Elsevier}
}

@article{yao1997new,
  title={A new evolutionary system for evolving artificial neural networks},
  author={Yao, Xin and Liu, Yong},
  journal={Neural Networks, IEEE Transactions on},
  volume={8},
  number={3},
  pages={694--713},
  year={1997},
  publisher={IEEE}
}

@inproceedings{teschner2004versatile,
  title={A versatile and robust model for geometrically complex deformable solids},
  author={Teschner, Matthias and Heidelberger, Bruno and Muller, Matthias and Gross, Markus},
  booktitle={Computer Graphics International, 2004. Proceedings},
  pages={312--319},
  year={2004},
  organization={IEEE}
}

@inproceedings{muller2002stable,
  title={Stable real-time deformations},
  author={M{\"u}ller, Matthias and Dorsey, Julie and McMillan, Leonard and Jagnow, Robert and Cutler, Barbara},
  booktitle={Proceedings of the 2002 ACM SIGGRAPH/Eurographics symposium on Computer animation},
  pages={49--54},
  year={2002},
  organization={ACM}
}

@article{faloutsos1997dynamic,
  title={Dynamic free-form deformations for animation synthesis},
  author={Faloutsos, Petros and Van De Panne, Michiel and Terzopoulos, Demetri},
  journal={Visualization and Computer Graphics, IEEE Transactions on},
  volume={3},
  number={3},
  pages={201--214},
  year={1997},
  publisher={IEEE}
}
