@article{hiller2012dynamic,
  title={Dynamic simulation of soft heterogeneous objects},
  author={Hiller, Jonathan and Lipson, Hod},
  journal={arXiv preprint arXiv:1212.2845},
  year={2012}
}

@inproceedings{cheney2013unshackling,
  title={Unshackling evolution: evolving soft robots with multiple materials and a powerful generative encoding},
  author={Cheney, Nick and MacCurdy, Robert and Clune, Jeff and Lipson, Hod},
  booktitle={Proceeding of the fifteenth annual conference on Genetic and evolutionary computation conference},
  pages={167--174},
  year={2013},
  organization={ACM}
}

@inproceedings{sims1994evolving,
  title={Evolving virtual creatures},
  author={Sims, Karl},
  booktitle={Proceedings of the 21st annual conference on Computer graphics and interactive techniques},
  pages={15--22},
  year={1994},
  organization={ACM}
}

@inproceedings{lehman2011evolving,
  title={Evolving a diversity of virtual creatures through novelty search and local competition},
  author={Lehman, Joel and Stanley, Kenneth O},
  booktitle={Proceedings of the 13th annual conference on Genetic and evolutionary computation},
  pages={211--218},
  year={2011},
  organization={ACM}
}

@article{stanley2007compositional,
  title={Compositional pattern producing networks: A novel abstraction of development},
  author={Stanley, Kenneth O},
  journal={Genetic programming and evolvable machines},
  volume={8},
  number={2},
  pages={131--162},
  year={2007},
  publisher={Springer}
}

@article{stanley2002evolving,
  title={Evolving neural networks through augmenting topologies},
  author={Stanley, Kenneth and Miikkulainen, Risto},
  journal={Evolutionary computation},
  volume={10},
  number={2},
  pages={99--127},
  year={2002},
  publisher={MIT Press}
}